<?xml version="1.0" encoding="UTF-8"?>
  <record xmlns="http://www.loc.gov/MARC21/slim" type="Authority">
    <leader>00000nz  a2200000oc 4500</leader>
    <controlfield tag="001">125431444X</controlfield>
    <controlfield tag="003">DE-101</controlfield>
    <controlfield tag="005">20220330081856.0</controlfield>
    <controlfield tag="008">220330n||aznnnaabn           | aaa    |c</controlfield>
    <datafield tag="024" ind1="7" ind2=" ">
      <subfield code="a">125431444X</subfield>
      <subfield code="0">http://d-nb.info/gnd/125431444X</subfield>
      <subfield code="2">gnd</subfield>
    </datafield>
    <datafield tag="035" ind1=" " ind2=" ">
      <subfield code="a">(DE-101)125431444X</subfield>
    </datafield>
    <datafield tag="035" ind1=" " ind2=" ">
      <subfield code="a">(DE-588)125431444X</subfield>
    </datafield>
    <datafield tag="040" ind1=" " ind2=" ">
      <subfield code="a">DE-16</subfield>
      <subfield code="c">DE-16</subfield>
      <subfield code="9">r:DE-576</subfield>
      <subfield code="b">ger</subfield>
      <subfield code="d">0016</subfield>
      <subfield code="e">rda</subfield>
    </datafield>
    <datafield tag="042" ind1=" " ind2=" ">
      <subfield code="a">gnd3</subfield>
    </datafield>
    <datafield tag="043" ind1=" " ind2=" ">
      <subfield code="c">XA-DE</subfield>
    </datafield>
    <datafield tag="075" ind1=" " ind2=" ">
      <subfield code="b">p</subfield>
      <subfield code="2">gndgen</subfield>
    </datafield>
    <datafield tag="075" ind1=" " ind2=" ">
      <subfield code="b">piz</subfield>
      <subfield code="2">gndspec</subfield>
    </datafield>
    <datafield tag="079" ind1=" " ind2=" ">
      <subfield code="a">g</subfield>
      <subfield code="q">f</subfield>
      <subfield code="q">a</subfield>
    </datafield>
    <datafield tag="100" ind1="1" ind2=" ">
      <subfield code="a">Ledebur, Johann Wilhelm &#152;von&#156;</subfield>
    </datafield>
    <datafield tag="400" ind1="1" ind2=" ">
      <subfield code="a">Ledebur, Hans Wilhelm &#152;von&#156;</subfield>
    </datafield>
    <datafield tag="400" ind1="1" ind2=" ">
      <subfield code="a">Ledebuhr, Johann Wilhelm &#152;von&#156;</subfield>
    </datafield>
    <datafield tag="400" ind1="1" ind2=" ">
      <subfield code="a">Lehdebuhr, Joannes Wilhelmus</subfield>
    </datafield>
    <datafield tag="500" ind1="1" ind2=" ">
      <subfield code="0">(DE-101)1254289291</subfield>
      <subfield code="0">(DE-588)1254289291</subfield>
      <subfield code="0">https://d-nb.info/gnd/1254289291</subfield>
      <subfield code="a">Ledebur, Dietrich &#152;von&#156;</subfield>
      <subfield code="d">1583-1633</subfield>
      <subfield code="4">bezf</subfield>
      <subfield code="4">https://d-nb.info/standards/elementset/gnd#familialRelationship</subfield>
      <subfield code="w">r</subfield>
      <subfield code="i">Beziehung familiaer</subfield>
      <subfield code="e">Beziehung familiaer</subfield>
      <subfield code="9">v:Bruder</subfield>
    </datafield>
    <datafield tag="500" ind1="1" ind2=" ">
      <subfield code="0">(DE-101)1254313745</subfield>
      <subfield code="0">(DE-588)1254313745</subfield>
      <subfield code="0">https://d-nb.info/gnd/1254313745</subfield>
      <subfield code="a">Ledebur, Kaspar &#152;von&#156;</subfield>
      <subfield code="d">-1662</subfield>
      <subfield code="4">bezf</subfield>
      <subfield code="4">https://d-nb.info/standards/elementset/gnd#familialRelationship</subfield>
      <subfield code="w">r</subfield>
      <subfield code="i">Beziehung familiaer</subfield>
      <subfield code="e">Beziehung familiaer</subfield>
      <subfield code="9">v:Bruder</subfield>
    </datafield>
    <datafield tag="548" ind1=" " ind2=" ">
      <subfield code="a">1598-1623</subfield>
      <subfield code="4">datw</subfield>
      <subfield code="4">https://d-nb.info/standards/elementset/gnd#periodOfActivity</subfield>
      <subfield code="w">r</subfield>
      <subfield code="i">Wirkungsdaten</subfield>
    </datafield>
    <datafield tag="667" ind1=" " ind2=" ">
      <subfield code="a">VD-17</subfield>
    </datafield>
    <datafield tag="670" ind1=" " ind2=" ">
      <subfield code="a">Urkunde Reichskammergericht D 375/1045. - 1621</subfield>
      <subfield code="b">Stand: 29.03.2022</subfield>
      <subfield code="u">https://www.hammwiki.info/index.php?title=Urkunde_Reichskammergericht_D_375/1045&amp;mobileaction=toggle_view_desktop</subfield>
    </datafield>
    <datafield tag="670" ind1=" " ind2=" ">
      <subfield code="a">Urkunde Geheimes Staatsarchiv Preußischer Kulturbesitz. - 1623</subfield>
      <subfield code="b">Stand: 29.03.2022</subfield>
      <subfield code="u">https://archivdatenbank.gsta.spk-berlin.de/midosasearch-gsta/MidosaSEARCH/vii_ha/index.htm?kid=GStA_vii_ha_4_7_12</subfield>
    </datafield>
    <datafield tag="672" ind1=" " ind2="0">
      <subfield code="a">Erwähnter: Facti Species Vnd Gründtliche Deduction Jn Sachen Herren von Diepenbroick zu Bulderen/ [et]c. Contra Die Gebrüdere von Ledebuhr zu Dincklage/ [et]c.</subfield>
      <subfield code="f">[zw. 1665 und 1729]</subfield>
    </datafield>
    <datafield tag="678" ind1=" " ind2=" ">
      <subfield code="b">Sohn von Kaspar Adolf Freiherr von Ledebur, 1533-1597, und dessen 2. Ehefrau Magdalena von Dincklage, 1554-1618 (Eheschließung 1582)</subfield>
    </datafield>
  </record>
